@article{park2020spatiotemporal,
  title     = {Spatiotemporal camera-LiDAR calibration: A targetless and structureless approach},
  author    = {Park, Chanoh and Moghadam, Peyman and Kim, Soohwan and Sridharan, Sridha and Fookes, Clinton},
  journal   = {IEEE Robotics and Automation Letters},
  volume    = {5},
  number    = {2},
  pages     = {1556--1563},
  year      = {2020},
  publisher = {IEEE}
}
@book{titterton2004strapdown,
  title     = {Strapdown inertial navigation technology},
  author    = {Titterton, David and Weston, John L and Weston, John},
  volume    = {17},
  year      = {2004},
  publisher = {IET}
}
@article{li2023multi,
  title     = {Multi-GNSS PPP/INS/Vision/LiDAR tightly integrated system for precise navigation in urban environments},
  author    = {Li, Shengyu and Li, Xingxing and Wang, Huidan and Zhou, Yuxuan and Shen, Zhiheng},
  journal   = {Information Fusion},
  volume    = {90},
  pages     = {218--232},
  year      = {2023},
  publisher = {Elsevier}
}
@article{sola2018micro,
  title   = {A micro Lie theory for state estimation in robotics},
  author  = {Sola, Joan and Deray, Jeremie and Atchuthan, Dinesh},
  journal = {arXiv preprint arXiv:1812.01537},
  year    = {2018}
}
@book{高翔2017视觉,
  title     = {视觉 SLAM 十四讲: 从理论到实践},
  author    = {高翔 and 汽车工程},
  year      = {2017},
  publisher = {电子工业出版社}
}
@article{huai2022observability,
  title     = {Observability Analysis and Keyframe-Based Filtering for Visual Inertial Odometry With Full Self-Calibration},
  author    = {Huai, Jianzhu and Lin, Yukai and Zhuang, Yuan and Toth, Charles K and Chen, Dong},
  journal   = {IEEE Transactions on Robotics},
  volume    = {38},
  number    = {5},
  pages     = {3219--3237},
  year      = {2022},
  publisher = {IEEE}
}
@inproceedings{montiel2006unified,
  title        = {Unified inverse depth parametrization for monocular SLAM},
  author       = {Montiel, JM Mart{\'\i}nez and Civera, Javier and Davison, Andrew J},
  year         = {2006},
  organization = {Robotics: Science and Systems}
}
@article{cioffi2022continuous,
  title     = {Continuous-time vs. discrete-time vision-based SLAM: A comparative study},
  author    = {Cioffi, Giovanni and Cieslewski, Titus and Scaramuzza, Davide},
  journal   = {IEEE Robotics and Automation Letters},
  volume    = {7},
  number    = {2},
  pages     = {2399--2406},
  year      = {2022},
  publisher = {IEEE}
}
@book{de1978practical,
  title     = {A practical guide to splines},
  author    = {De Boor, Carl and De Boor, Carl},
  volume    = {27},
  year      = {1978},
  publisher = {springer-verlag New York}
}
@inproceedings{qin1998general,
  title        = {General matrix representations for B-splines},
  author       = {Qin, Kaihuai},
  booktitle    = {Proceedings Pacific Graphics' 98. Sixth Pacific Conference on Computer Graphics and Applications (Cat. No. 98EX208)},
  pages        = {37--43},
  year         = {1998},
  organization = {IEEE}
}
@inproceedings{kim1995general,
  title     = {A general construction scheme for unit quaternion curves with simple high order derivatives},
  author    = {Kim, Myoung-Jun and Kim, Myung-Soo and Shin, Sung Yong},
  booktitle = {Proceedings of the 22nd annual conference on Computer graphics and interactive techniques},
  pages     = {369--376},
  year      = {1995}
}
@inproceedings{haarbach2018survey,
  title        = {Survey of higher order rigid body motion interpolation methods for keyframe animation and continuous-time trajectory estimation},
  author       = {Haarbach, Adrian and Birdal, Tolga and Ilic, Slobodan},
  booktitle    = {2018 International Conference on 3D Vision (3DV)},
  pages        = {381--389},
  year         = {2018},
  organization = {IEEE}
}
@article{dellaert2017factor,
  title     = {Factor graphs for robot perception},
  author    = {Dellaert, Frank and Kaess, Michael and others},
  journal   = {Foundations and Trends{\textregistered} in Robotics},
  volume    = {6},
  number    = {1-2},
  pages     = {1--139},
  year      = {2017},
  publisher = {Now Publishers, Inc.}
}
@book{barfoot2017state,
  title     = {State estimation for robotics},
  author    = {Barfoot, Timothy D},
  year      = {2017},
  publisher = {Cambridge University Press}
}
@inproceedings{biber2003normal,
  title        = {The normal distributions transform: A new approach to laser scan matching},
  author       = {Biber, Peter and Stra{\ss}er, Wolfgang},
  booktitle    = {Proceedings 2003 IEEE/RSJ International Conference on Intelligent Robots and Systems (IROS 2003)(Cat. No. 03CH37453)},
  volume       = {3},
  pages        = {2743--2748},
  year         = {2003},
  organization = {IEEE}
}
@inproceedings{moulon2017openmvg,
  title        = {Openmvg: Open multiple view geometry},
  author       = {Moulon, Pierre and Monasse, Pascal and Perrot, Romuald and Marlet, Renaud},
  booktitle    = {International Workshop on Reproducible Research in Pattern Recognition},
  pages        = {60--74},
  year         = {2017},
  organization = {Springer}
}
@inproceedings{rusinkiewicz2001efficient,
  title        = {Efficient variants of the ICP algorithm},
  author       = {Rusinkiewicz, Szymon and Levoy, Marc},
  booktitle    = {Proceedings third international conference on 3-D digital imaging and modeling},
  pages        = {145--152},
  year         = {2001},
  organization = {IEEE}
}
@inproceedings{rublee2011orb,
  title        = {ORB: An efficient alternative to SIFT or SURF},
  author       = {Rublee, Ethan and Rabaud, Vincent and Konolige, Kurt and Bradski, Gary},
  booktitle    = {2011 International conference on computer vision},
  pages        = {2564--2571},
  year         = {2011},
  organization = {Ieee}
}
@article{lowe2004distinctive,
  title     = {Distinctive image features from scale-invariant keypoints},
  author    = {Lowe, David G},
  journal   = {International journal of computer vision},
  volume    = {60},
  number    = {2},
  pages     = {91--110},
  year      = {2004},
  publisher = {Springer}
}
@article{mur2015orb,
  title     = {ORB-SLAM: a versatile and accurate monocular SLAM system},
  author    = {Mur-Artal, Raul and Montiel, Jose Maria Martinez and Tardos, Juan D},
  journal   = {IEEE transactions on robotics},
  volume    = {31},
  number    = {5},
  pages     = {1147--1163},
  year      = {2015},
  publisher = {IEEE}
}
@article{qin2018vins,
  title     = {Vins-mono: A robust and versatile monocular visual-inertial state estimator},
  author    = {Qin, Tong and Li, Peiliang and Shen, Shaojie},
  journal   = {IEEE Transactions on Robotics},
  volume    = {34},
  number    = {4},
  pages     = {1004--1020},
  year      = {2018},
  publisher = {IEEE}
}
@inproceedings{forster2014svo,
  title        = {SVO: Fast semi-direct monocular visual odometry},
  author       = {Forster, Christian and Pizzoli, Matia and Scaramuzza, Davide},
  booktitle    = {2014 IEEE international conference on robotics and automation (ICRA)},
  pages        = {15--22},
  year         = {2014},
  organization = {IEEE}
}
@inproceedings{engel2014lsd,
  title        = {LSD-SLAM: Large-scale direct monocular SLAM},
  author       = {Engel, Jakob and Sch{\"o}ps, Thomas and Cremers, Daniel},
  booktitle    = {European conference on computer vision},
  pages        = {834--849},
  year         = {2014},
  organization = {Springer}
}
@article{yuan2021pixel,
  title     = {Pixel-level extrinsic self calibration of high resolution lidar and camera in targetless environments},
  author    = {Yuan, Chongjian and Liu, Xiyuan and Hong, Xiaoping and Zhang, Fu},
  journal   = {IEEE Robotics and Automation Letters},
  volume    = {6},
  number    = {4},
  pages     = {7517--7524},
  year      = {2021},
  publisher = {IEEE}
}
@article{agarwal2012ceres,
  title   = {Ceres solver: Tutorial \& reference},
  author  = {Agarwal, Sameer and Mierle, Keir},
  journal = {Google Inc},
  volume  = {2},
  number  = {72},
  pages   = {8},
  year    = {2012}
}
@inproceedings{grisetti2011g2o,
  title     = {g2o: A general framework for (hyper) graph optimization},
  author    = {Grisetti, Giorgio and K{\"u}mmerle, Rainer and Strasdat, Hauke and Konolige, Kurt},
  booktitle = {Proceedings of the IEEE international conference on robotics and automation (ICRA), Shanghai, China},
  pages     = {9--13},
  year      = {2011}
}
@techreport{dellaert2012factor,
  title       = {Factor graphs and GTSAM: A hands-on introduction},
  author      = {Dellaert, Frank},
  year        = {2012},
  institution = {Georgia Institute of Technology}
}
@incollection{rosen2020certifiably,
  title     = {A certifiably correct algorithm for synchronization over the special Euclidean group},
  author    = {Rosen, David M and Carlone, Luca and Bandeira, Afonso S and Leonard, John J},
  booktitle = {Algorithmic Foundations of Robotics XII},
  pages     = {64--79},
  year      = {2020},
  publisher = {Springer}
}
@inproceedings{juric2021comparison,
  title        = {A comparison of graph optimization approaches for pose estimation in SLAM},
  author       = {Juri{\'c}, An{\dj}ela and Kende{\v{s}}, Filip and Markovi{\'c}, Ivan and Petrovi{\'c}, Ivan},
  booktitle    = {2021 44th International Convention on Information, Communication and Electronic Technology (MIPRO)},
  pages        = {1113--1118},
  year         = {2021},
  organization = {IEEE}
}
@article{li2022accurate,
  title     = {Accurate and Automatic Extrinsic Calibration for a Monocular Camera and Heterogenous 3D LiDARs},
  author    = {Li, Xingxing and He, Feiyang and Li, Shengyu and Zhou, Yuxuan and Xia, Chunxi and Wang, Xuanbin},
  journal   = {IEEE Sensors Journal},
  volume    = {22},
  number    = {16},
  pages     = {16472--16480},
  year      = {2022},
  publisher = {IEEE}
}
@inproceedings{lv2020targetless,
  title        = {Targetless calibration of lidar-imu system based on continuous-time batch estimation},
  author       = {Lv, Jiajun and Xu, Jinhong and Hu, Kewei and Liu, Yong and Zuo, Xingxing},
  booktitle    = {2020 IEEE/RSJ International Conference on Intelligent Robots and Systems (IROS)},
  pages        = {9968--9975},
  year         = {2020},
  organization = {IEEE}
}
@article{lv2022observability,
  title     = {Observability-Aware Intrinsic and Extrinsic Calibration of LiDAR-IMU Systems},
  author    = {Lv, Jiajun and Zuo, Xingxing and Hu, Kewei and Xu, Jinhong and Huang, Guoquan and Liu, Yong},
  journal   = {IEEE Transactions on Robotics},
  year      = {2022},
  publisher = {IEEE}
}
@article{yang2019degenerate,
  title     = {Degenerate motion analysis for aided ins with online spatial and temporal sensor calibration},
  author    = {Yang, Yulin and Geneva, Patrick and Eckenhoff, Kevin and Huang, Guoquan},
  journal   = {IEEE Robotics and Automation Letters},
  volume    = {4},
  number    = {2},
  pages     = {2070--2077},
  year      = {2019},
  publisher = {IEEE}
}
@article{mirzaei2008kalman,
  title     = {A Kalman filter-based algorithm for IMU-camera calibration: Observability analysis and performance evaluation},
  author    = {Mirzaei, Faraz M and Roumeliotis, Stergios I},
  journal   = {IEEE transactions on robotics},
  volume    = {24},
  number    = {5},
  pages     = {1143--1156},
  year      = {2008},
  publisher = {IEEE}
}
@book{bubnicki2005modern,
  title     = {Modern control theory},
  author    = {Bubnicki, Zdzislaw},
  volume    = {2005925392},
  year      = {2005},
  publisher = {Springer}
}
@inproceedings{furgale2013unified,
  title        = {Unified temporal and spatial calibration for multi-sensor systems},
  author       = {Furgale, Paul and Rehder, Joern and Siegwart, Roland},
  booktitle    = {2013 IEEE/RSJ International Conference on Intelligent Robots and Systems},
  pages        = {1280--1286},
  year         = {2013},
  organization = {IEEE}
}
@inproceedings{rehder2014spatio,
  title        = {Spatio-temporal laser to visual/inertial calibration with applications to hand-held, large scale scanning},
  author       = {Rehder, Joern and Beardsley, Paul and Siegwart, Roland and Furgale, Paul},
  booktitle    = {2014 IEEE/RSJ International Conference on Intelligent Robots and Systems},
  pages        = {459--465},
  year         = {2014},
  organization = {IEEE}
}
@inproceedings{hong2010vicp,
  title        = {VICP: Velocity updating iterative closest point algorithm},
  author       = {Hong, Seungpyo and Ko, Heedong and Kim, Jinwook},
  booktitle    = {2010 IEEE International Conference on Robotics and Automation},
  pages        = {1893--1898},
  year         = {2010},
  organization = {IEEE}
}
@inproceedings{shan2020lio,
  title        = {Lio-sam: Tightly-coupled lidar inertial odometry via smoothing and mapping},
  author       = {Shan, Tixiao and Englot, Brendan and Meyers, Drew and Wang, Wei and Ratti, Carlo and Rus, Daniela},
  booktitle    = {2020 IEEE/RSJ international conference on intelligent robots and systems (IROS)},
  pages        = {5135--5142},
  year         = {2020},
  organization = {IEEE}
}
@article{liu2019novel,
  title     = {A novel multifeature based on-site calibration method for LiDAR-IMU system},
  author    = {Liu, Wanli and Li, Zhixiong and Malekian, Reza and Sotelo, Miguel Angel and Ma, Zhenjun and Li, Weihua},
  journal   = {IEEE Transactions on Industrial Electronics},
  volume    = {67},
  number    = {11},
  pages     = {9851--9861},
  year      = {2019},
  publisher = {IEEE}
}
@article{li20213d,
  title     = {3D LiDAR/IMU Calibration Based on Continuous-time Trajectory Estimation in Structured Environments},
  author    = {Li, Shuaixin and Wang, Li and Li, Jiuren and Tian, Bin and Chen, Long and Li, Guangyun},
  journal   = {IEEE Access},
  volume    = {9},
  pages     = {138803--138816},
  year      = {2021},
  publisher = {IEEE}
}
@article{park2014calibration,
  title     = {Calibration between color camera and 3D LIDAR instruments with a polygonal planar board},
  author    = {Park, Yoonsu and Yun, Seokmin and Won, Chee Sun and Cho, Kyungeun and Um, Kyhyun and Sim, Sungdae},
  journal   = {Sensors},
  volume    = {14},
  number    = {3},
  pages     = {5333--5353},
  year      = {2014},
  publisher = {MDPI}
}
@inproceedings{mishra2020experimental,
  title        = {Experimental evaluation of 3d-lidar camera extrinsic calibration},
  author       = {Mishra, Subodh and Osteen, Philip R and Pandey, Gaurav and Saripalli, Srikanth},
  booktitle    = {2020 IEEE/RSJ International Conference on Intelligent Robots and Systems (IROS)},
  pages        = {9020--9026},
  year         = {2020},
  organization = {IEEE}
}
@article{gong20133d,
  title     = {3D LIDAR-camera extrinsic calibration using an arbitrary trihedron},
  author    = {Gong, Xiaojin and Lin, Ying and Liu, Jilin},
  journal   = {Sensors},
  volume    = {13},
  number    = {2},
  pages     = {1902--1918},
  year      = {2013},
  publisher = {MDPI}
}
